@article{assignment,
author = {Michale Lindahl and Niels-Christian Fink Bagger},
title = {University Timetabling - Curriculum-based Course Timetabling},
journal = {DTU},
year = 2015
}